<collection xmlns="http://www.loc.gov/MARC21/slim">
<record>
  <leader>02062nam0a2200409 i 450 </leader>
  <controlfield tag="001">IT\ICCU\CNCE\034375</controlfield>
  <controlfield tag="005">20100913000000.0</controlfield>
  <datafield tag="012" ind1=" " ind2=" ">
    <subfield code="a">tei. coer iut&amp; grdi (C) 1503 (R)</subfield>
    <subfield code="2">fei</subfield>
  </datafield>
  <datafield tag="100" ind1=" " ind2=" ">
    <subfield code="a">19971230d1503        0itac0103    ba</subfield>
  </datafield>
  <datafield tag="101" ind1=" " ind2=" ">
    <subfield code="a">LAT</subfield>
    <subfield code="a">GRC</subfield>
  </datafield>
  <datafield tag="102" ind1=" " ind2=" ">
    <subfield code="a">IT</subfield>
  </datafield>
  <datafield tag="200" ind1="1" ind2=" ">
    <subfield code="a">℗Platine ℗De honestate voluptate &amp; valitudine vel de obsoniis &amp; arte coquinaria libri decem</subfield>
  </datafield>
  <datafield tag="210" ind1=" " ind2=" ">
    <subfield code="e">Impressum Venetiis</subfield>
    <subfield code="g">per Ioannem de Cereto de Tridino alias Tacuinum</subfield>
    <subfield code="h">1503 die XXVIII mensis Iulii</subfield>
  </datafield>
  <datafield tag="215" ind1=" " ind2=" ">
    <subfield code="a">\88! c.</subfield>
    <subfield code="d">4ʻ</subfield>
  </datafield>
  <datafield tag="300" ind1=" " ind2=" ">
    <subfield code="a">Var. B: nel titolo &quot;honesta&quot; in luogo di &quot;honestate&quot;</subfield>
  </datafield>
  <datafield tag="620" ind1=" " ind2=" ">
    <subfield code="a">IT</subfield>
    <subfield code="d">Venezia</subfield>
  </datafield>
  <datafield tag="700" ind1=" " ind2="0">
    <subfield code="a">℗Il ℗Platina</subfield>
    <subfield code="3">IT\ICCU\CNCA\008106</subfield>
  </datafield>
  <datafield tag="712" ind1="0" ind2="0">
    <subfield code="a">Tacuino, Giovanni</subfield>
    <subfield code="3">IT\ICCU\CNCT\000206</subfield>
    <subfield code="4">650</subfield>
  </datafield>
  <datafield tag="790" ind1=" " ind2="1">
    <subfield code="a">Platina,</subfield>
    <subfield code="b">Battista</subfield>
    <subfield code="3">IT\ICCU\CNCA\003136</subfield>
    <subfield code="z">℗Il ℗Platina</subfield>
  </datafield>
  <datafield tag="790" ind1=" " ind2="1">
    <subfield code="a">Sacchi,</subfield>
    <subfield code="b">Bartolomeo</subfield>
    <subfield code="3">IT\ICCU\CNCA\008107</subfield>
    <subfield code="z">℗Il ℗Platina</subfield>
  </datafield>
  <datafield tag="790" ind1=" " ind2="1">
    <subfield code="a">Platina,</subfield>
    <subfield code="b">Bartolomeo</subfield>
    <subfield code="3">IT\ICCU\CNCA\012664</subfield>
    <subfield code="z">℗Il ℗Platina</subfield>
  </datafield>
  <datafield tag="791" ind1="0" ind2="0">
    <subfield code="a">Cereto, Ioannes de</subfield>
    <subfield code="3">IT\ICCU\CNCT\002713</subfield>
    <subfield code="z">Tacuino, Giovanni</subfield>
  </datafield>
  <datafield tag="791" ind1="0" ind2="2">
    <subfield code="a">Ioannes de Cereto de Tridino</subfield>
    <subfield code="3">IT\ICCU\CNCT\002724</subfield>
    <subfield code="z">Tacuino, Giovanni</subfield>
  </datafield>
  <datafield tag="791" ind1="0" ind2="0">
    <subfield code="a">Tacuinus, Ioannes</subfield>
    <subfield code="3">IT\ICCU\CNCT\005546</subfield>
    <subfield code="z">Tacuino, Giovanni</subfield>
  </datafield>
  <datafield tag="801" ind1=" " ind2="3">
    <subfield code="a">IT</subfield>
    <subfield code="b">ICCU</subfield>
    <subfield code="c">20201114</subfield>
  </datafield>
  <datafield tag="899" ind1=" " ind2=" ">
    <subfield code="a">Biblioteca statale. Cremona</subfield>
    <subfield code="1">CR0062</subfield>
    <subfield code="2">LO1 28</subfield>
  </datafield>
  <datafield tag="899" ind1=" " ind2=" ">
    <subfield code="a">Biblioteca comunale Alceste e Remigio Roccella. Piazza Armerina</subfield>
    <subfield code="1">EN0018</subfield>
    <subfield code="2">ZEN 04</subfield>
  </datafield>
  <datafield tag="899" ind1=" " ind2=" ">
    <subfield code="a">Biblioteca Apostolica Vaticana. Citt ̉del Vaticano</subfield>
    <subfield code="1">EX0001</subfield>
    <subfield code="2">ZCV 01</subfield>
  </datafield>
  <datafield tag="899" ind1=" " ind2=" ">
    <subfield code="a">Biblioteca statale del Monumento nazionale di Montecassino. Cassino</subfield>
    <subfield code="1">FR0084</subfield>
    <subfield code="2">RML 25</subfield>
  </datafield>
  <datafield tag="899" ind1=" " ind2=" ">
    <subfield code="a">Biblioteca regionale universitaria. Messina</subfield>
    <subfield code="1">ME0050</subfield>
    <subfield code="2">PAL BM</subfield>
  </datafield>
  <datafield tag="899" ind1=" " ind2=" ">
    <subfield code="a">Biblioteca capitolare. Padova</subfield>
    <subfield code="z">(Var.B)</subfield>
    <subfield code="1">PD0093</subfield>
    <subfield code="2">PUV 74</subfield>
  </datafield>
  <datafield tag="899" ind1=" " ind2=" ">
    <subfield code="a">Biblioteca universitaria. Padova</subfield>
    <subfield code="1">PD0158</subfield>
    <subfield code="2">PUV 00</subfield>
  </datafield>
  <datafield tag="899" ind1=" " ind2=" ">
    <subfield code="a">Biblioteca nazionale centrale. Roma</subfield>
    <subfield code="1">RM0267</subfield>
    <subfield code="2">BVE CR</subfield>
  </datafield>
  <datafield tag="899" ind1=" " ind2=" ">
    <subfield code="a">Biblioteca Bartoliniana. Udine</subfield>
    <subfield code="1">UD0243</subfield>
    <subfield code="2">ZUD 12</subfield>
  </datafield>
  <datafield tag="899" ind1=" " ind2=" ">
    <subfield code="a">Biblioteca civica. Vercelli</subfield>
    <subfield code="1">VC0073</subfield>
    <subfield code="2">TO0 A2</subfield>
  </datafield>
  <datafield tag="899" ind1=" " ind2=" ">
    <subfield code="a">Biblioteca nazionale Marciana. Venezia</subfield>
    <subfield code="1">VE0049</subfield>
    <subfield code="2">VEA BM</subfield>
  </datafield>
  <datafield tag="899" ind1=" " ind2=" ">
    <subfield code="a">Biblioteca capitolare. Verona</subfield>
    <subfield code="1">VR0056</subfield>
    <subfield code="2">VIA VC</subfield>
  </datafield>
</record>
</collection>
